
% TODO ordentliche Quellen für die folgenden Referenzen finden!
@article{knowm_comp_2015,
title={Knowm Memristors Datasheet 2015},
publisher={Knowm Inc.},
url={https://knowm.com/collections/frontpage/products/m-sdc-memristor-16-discrete-32-dip},
author={Alex Nugent, Tim Molten},
year={2015},
}

% TODO ordentliche Quellen für die folgenden Referenzen finden!
@article{knowm_comp_2019,
title={Knowm Memristors Datasheet 2019},
publisher={Knowm Inc.},
url={https://knowm.com/collections/frontpage/products/m-sdc-memristor-16-discrete-32-dip},
author={Alex Nugent, Tim Molten},
year={2019},
}

@article{nonvolatile,
author = {Perez, Taciano and De Rose, Cesar},
year = {2015},
month = {04},
pages = {},
title = {Non-Volatile Memory: Emerging Technologies And Their Impacts on Memory Systems},
doi = {10.13140/RG.2.1.3037.6486}
}

@article{vde_memristor,
title={Implications of Memristor Technologies for Future Computing Systems},
url={https://shop.vde.com/de/implications-of-memristor-technologies-for-future-computing-systems},
author={Dietmar Fey, Wolfgang Karl, Theo Ungerer, Oliver Bringmann, Uwe Brinkschulte, Jan Haase, Christian Hochberger, Dominik Meyer, Ilia Polian, Werner Schindler, Heidemarie Schmidt},
year={2019},
month={June},
publisher={Informationstechnische Gesellschaft (ITG) and Gesellschaft fur Informatik (GI)}
}

@article{garvin_qual,
title = {What Does ``Product Quality'' Really Mean?},
url = {http://www.oqrm.org/English/What_does_product_quality_really_means.pdf},
author = {David A. Garvin},
year = {1984},
month = {Fall},
journal = {Sloan Management Review},
volume = {26:1},
pages = {25-43}
}

% ab hier sind die Quellen richtig
@article{hp_2008,
title={The missing memristor found},
journal={Nature},
pages={80-83},
author={Strukov, Dmitri B and Snider, Gregory S and Stewart, Duncan R and Williams, R Stanley},
year={2008},
volume={453},
doi={doi:10.1038/nature06932},
month={May}
}

@INPROCEEDINGS{class_Chua,
author={F. {Corinto} and P. P. {Civalleri} and L. O. {Chua}},
booktitle={2015 European Conference on Circuit Theory and Design (ECCTD)},
title={A complete classification of memristor devices},
year={2015},
volume={},
number={},
pages={1-4},
doi={10.1109/ECCTD.2015.7300120},
ISSN={null},
month={Aug}
}

@article{arith_op,
author = {Merrikh-Bayat, Farnood and Shouraki, Saeed},
year = {2010},
month = {08},
pages = {},
title = {Memristor-based Circuits for Performing Basic Arithmetic Operations},
volume = {3},
journal = {Procedia Computer Science},
doi = {10.1016/j.procs.2010.12.022}
}

@article{elec_form,
author = {Strachan, John William and Yang, Jianhua Joshua and Montoro, L. and Ospina, Crsitian and Ramirez, Antonio and Kilcoyne, David and Medeiros-Ribeiro, Gilberto and Williams, Stan},
year = {2013},
month = {08},
pages = {467-73},
title = {Characterization of electroforming-free titanium dioxide memristors},
volume = {4},
journal = {Beilstein journal of nanotechnology},
doi = {10.3762/bjnano.4.55}
}

@INPROCEEDINGS{char_mem,
author={K. {Mbarek} and F. O. {Rziga} and S. {Ghedira} and K. {Besbes}},
booktitle={2017 International Conference on Engineering MIS (ICEMIS)},
title={Characterization, and modeling of memristor devices},
year={2017},
volume={},
number={},
pages={1-5},
doi={10.1109/ICEMIS.2017.8273032},
ISSN={2575-1328},
month={May}
}

@ARTICLE{chua_mem,
author={L. {Chua}},
journal={IEEE Transactions on Circuit Theory},
title={Memristor-The missing circuit element},
year={1971},
volume={18},
number={5},
pages={507-519},
doi={10.1109/TCT.1971.1083337},
ISSN={2374-9555},
month={Sep.}
}

@INPROCEEDINGS{tresh_effect,
author={S. H. {Amer} and A. H. {Madian} and H. {ElSayed} and A. S. {Emara}},
booktitle={2016 5th International Conference on Modern Circuits and Systems Technologies (MOCAST)},
title={Effect of the memristor threshold current on memristor-based Min-Max circuits},
year={2016},
volume={},
number={},
pages={1-4},
doi={10.1109/MOCAST.2016.7495104},
ISSN={null},
month={May}
}

@article{model_anas,
author = {Mazady, Md. Anas},
year = {2014},
month = {12},
pages = {},
title = {Modeling, Fabrication, and Characterization of Memristors}
}

@INPROCEEDINGS{pulse_based,
author={O. A. {Olumodeji} and M. {Gottardi}},
booktitle={2017 IEEE International Symposium on Circuits and Systems (ISCAS)},
title={A pulse-based memristor programming circuit},
year={2017},
volume={},
number={},
pages={1-4},
doi={10.1109/ISCAS.2017.8050793},
ISSN={2379-447X},
month={May}
}

@article{temp_campbell,
author = {Campbell, Kristy},
year = {2016},
month = {08},
pages = {},
title = {Self-Directed Channel Memristor for High Temperature Operation},
volume = {59},
journal = {Microelectronics Journal},
doi = {10.1016/j.mejo.2016.11.006}
}

@phdthesis{yakopcic,
Type = {dissertation},
Title = {Memristor Device Modeling and Circuit Design for Read Out Integrated Circuits, Memory Architectures, and Neuromorphic Systems},
Author = {Yakopcic, Chris},
School = {University of Dayton},
Year = {2014},
url={http://rave.ohiolink.edu/etdc/view?acc_num=dayton1398725462}
}

@article{reli_mem,
author = {Dongale, Dr. T. and Khot, Dr. Kishorkumar and Mohite, S. and Desai, Netaji and Shinde, S. and Moholkar, Annasaheb and Rajpure, Keshav and Bhosale, Popatrao and Patil, P. and Gaikwad, Pawan and Kamat, Rajanish},
year = {2016},
month = {02},
pages = {},
title = {Investigating Reliability Aspects of Memristor based RRAM with Reference to Write Voltage and Frequency}
}

@ARTICLE{exploring_mem,
author={J. {Gomez} and I. {Vourkas} and A. {Abusleme}},
journal={IEEE Access},
title={Exploring Memristor Multi-Level Tuning Dependencies on the Applied Pulse Properties via a Low Cost Instrumentation Setup},
year={2019},
volume={7},
number={},
pages={59413-59421},
keywords={data acquisition;memristors;voltage drop;memristor multilevel tuning dependencies;applied pulses;memristor state-tuning properties;fundamental dependencies;commercial memristors;current compliance limiting;transimpedance amplifier;affordable data acquisition system;off-the-shelf components;reliable measurements;lab experiments;experimental hands-on experience;innovative applications;device technology;analog nature;favorable properties;maximum exploitation;memristive behavior;low cost instrumentation setup;applied pulse properties;Memristors;Voltage measurement;Current measurement;Limiting;Switches;Radio frequency;Voltage control;Digilent AD2;feedback ammeter;instrumentation;Knowm;memristor;multi-level memory;resistive switching;ReRAM;transimpedance amplifier},
doi={10.1109/ACCESS.2019.2915100},
ISSN={2169-3536},
month={},
}

@article{compact_model,
author = {Miranda, Enrique},
year = {2015},
month = {09},
pages = {787-789},
title = {Compact Model for the Major and Minor Hysteretic I–V Loops in Nonlinear Memristive Devices},
volume = {14},
journal = {Nanotechnology, IEEE Transactions on},
doi = {10.1109/TNANO.2015.2455235}
}

@INPROCEEDINGS{auto_adjust,
author={N. T. {Hiep} and V. M. {Huan}},
booktitle={2019 3rd International Conference on Recent Advances in Signal Processing, Telecommunications Computing (SigTelCom)},
title={Auto-Adjusted Pulse Width Circuit To Improve Memristor Variations In Reconfigurable High-Pass Filter},
year={2019},
volume={},
number={},
pages={38-42},
keywords={high-pass filters;memristors;reconfigurable high-pass filter;neuromorphic computing;nonvolatile memory;digital logic gates;reconfigurable filters;process variations;memristor thickness;low memristance state;high memristance state;memristance variations;auto-adjusted pulse width circuit;thickness variations;nominal thickness memristor;stable cut-off frequency;variation conditions;memristor variations;Memristors;Cutoff frequency;Impedance;Switches;Programming;Standards;High-pass Filter;Pulse width circuit;Memristor;Thickness variation},
doi={10.1109/SIGTELCOM.2019.8696189},
ISSN={null},
month={March},
}

@ARTICLE{team_model,
author={S. {Kvatinsky} and E. G. {Friedman} and A. {Kolodny} and U. C. {Weiser}},
journal={IEEE Transactions on Circuits and Systems I: Regular Papers},
title={TEAM: ThrEshold Adaptive Memristor Model},
year={2013},
volume={60},
number={1},
pages={211-221},
keywords={CMOS integrated circuits;memristors;threshold adaptive memristor model;TEAM;memristive devices;neuromorphic systems;CMOS technology;memory devices;logic devices;circuit simulation;Mathematical model;Computational modeling;Integrated circuit modeling;Adaptation models;Memristors;Resistance;Semiconductor process modeling;Memristive systems;memristor;SPICE;window function},
doi={10.1109/TCSI.2012.2215714},
ISSN={1558-0806},
month={Jan},
}

@article{elec_model,
author = {Yang, Jianhua Joshua and Miao, Feng and Pickett, Matthew and Ohlberg, Douglas and Stewart, Duncan and Lau, Jeanie and Williams, Stan},
year = {2009},
month = {06},
pages = {215201},
title = {Erratum: The mechanism of electroforming of metal oxide memristive switches (Nanotechnology (2009) 20 (215201))},
volume = {20},
journal = {Nanotechnology},
doi = {10.1088/0957-4484/20/21/215201}
}

@article{spice_model,
author = {Biolek, Zdenek and Biolek, Dalibor and V, Biolkova},
year = {2009},
month = {06},
pages = {},
title = {SPICE Model of Memristor with Nonlinear Dopant Drift},
volume = {18},
journal = {Radioengineering}
}

@INPROCEEDINGS{stat_lifetime,
author={P. {Pouyan} and E. {Amat} and A. {Rubio}},
booktitle={2015 10th International Conference on Design Technology of Integrated Systems in Nanoscale Era (DTIS)},
title={Statistical lifetime analysis of memristive crossbar matrix},
year={2015},
volume={},
number={},
pages={1-6},
keywords={CMOS memory circuits;integrated circuit reliability;matrix algebra;memristors;statistical analysis;statistical lifetime analysis;memristive crossbar matrix;memristors;memory technologies;CMOS fabrication process;reliability concerns;analytic approach;lifetime distribution;Memristors;Resistance;Probability distribution;Monte Carlo methods;Reliability;Switches;Gaussian distribution;Memristor;uncertainty;crossbar;endurance;process variability;RRAM;emerging device},
doi={10.1109/DTIS.2015.7127378},
ISSN={null},
month={April},
}

@INPROCEEDINGS{endurance_deg,
author={B. {Chen} and Y. {Lu} and B. {Gao} and Y. H. {Fu} and F. F. {Zhang} and P. {Huang} and Y. S. {Chen} and L. F. {Liu} and X. Y. {Liu} and J. F. {Kang} and Y. Y. {Wang} and Z. {Fang} and H. Y. {Yu} and X. {Li} and X. P. {Wang} and N. {Singh} and G. Q. {Lo} and D. L. {Kwong}},
booktitle={2011 International Electron Devices Meeting},
title={Physical mechanisms of endurance degradation in TMO-RRAM},
year={2011},
volume={},
number={},
pages={12.3.1-12.3.4},
keywords={hafnium compounds;random-access storage;titanium compounds;physical mechanisms;endurance failure behaviors;TMO based RRAM;transitional metal oxide;resistive random access memory;physically-based optimized switching mode;HfOx-TiOx-HfOx-TiOx;Voltage measurement;Switches;Degradation;Hafnium compounds;Resistance;Ions;Electrical resistance measurement},
doi={10.1109/IEDM.2011.6131539},
ISSN={0163-1918},
month={Dec},}
